@misc{b0,
  author = {Chris Lattner},
  title = {LLVM Docs},
  howpublished = "\url{http://llvm.org/docs/}",
  year = {2015}, 
  note = "[Online; accessed 05-July-2015]"
}

@misc{b1,
  author = {Stephen Diehl},
  title = {Implementing a JIT Compiled Language with Haskell and LLVM},
  howpublished = "\url{http://http://www.stephendiehl.com/llvm/}",
  year = {2015}, 
  note = "[Online; accessed 05-July-2015]"
}

@misc{b2,
  author = {Hackage},
  title = {llvm-general-pure-3.4.2.1-docs},
  howpublished = "\url{https://hackage.haskell.org/package/llvm-general-pure-3.4.2.1/docs/}",
  year = {2015}, 
  note = "[Online; accessed 05-July-2015]"
}

@misc{b3,
  author = {Hackage},
  title = {llvm-general-3.4.2.1-docs},
  howpublished = "\url{https://hackage.haskell.org/package/llvm-general-3.4.2.1/docs/}",
  year = {2015}, 
  note = "[Online; accessed 05-July-2015]"
}